<?xml version="1.0" encoding="UTF-8"?><collection xmlns="http://www.loc.gov/MARC21/slim"><record><leader>00398nam--2200121-i-4500</leader><controlfield tag="001">000025270</controlfield><controlfield tag="002">20161230</controlfield><controlfield tag="005">20161230201035</controlfield><controlfield tag="008">060222s1000------------r-----000-0-eng-d</controlfield><datafield ind1=" " ind2=" " tag="100"><subfield code="a">Iliescu, C. C</subfield></datafield><datafield ind1=" " ind2=" " tag="245"><subfield code="a">Determinarea campului magnetic si a formei suprafetelor polare pentru aparatele nucleare cu focalizare slaba sau intensa</subfield></datafield><datafield ind1=" " ind2=" " tag="260"><subfield code="a">Bucuresti, Institutul Politehnic, 1962. 150p</subfield></datafield><datafield ind1=" " ind2=" " tag="852"><subfield code="a">8677</subfield></datafield></record></collection>